@article{blatt09,
  title = {Rabi spectroscopy and excitation inhomogeneity in a one-dimensional optical lattice clock},
  author = {S. Blatt and J. W. Thomsen and G. K. Campbell and A. D. Ludlow and M. D. Swallows and M. J. Martin and M. M. Boyd and J. Ye},
  journal = {Phys. Rev. A},
  year = {2009},
  volume = {80},
  pages = {052703},
  doi = {10.1103/PhysRevA.80.052703},
}

@article{sansonetti10,
  title = {Wavelengths, transition probabilities, and energy levels for the spectrum of neutral strontium ({Sr I})},
  author = {J. E. Sansonetti and G. Nave},
  journal = {J. Phys. Chem. Ref. Data},
  year = {2010},
  volume = {39},
  pages = {033103},
  doi = {10.1063/1.3449176},
}


@article{poli14,
  author   = {Poli, N. and Schioppo, M. and Vogt, S. and Falke, St. and Sterr, U. and Lisdat, Ch. and Tino, G. M.},
  journal  = {Applied Physics B},
  title    = {A transportable strontium optical lattice clock},
  year     = {2014},
  issn     = {1432-0649},
  month    = {Dec},
  number   = {4},
  pages    = {1107-1116},
  volume   = {117},
  abstract = {},
  day      = {01},
  doi      = {10.1007/s00340-014-5932-9},
  url      = {https://doi.org/10.1007/s00340-014-5932-9},
}

@article{taichenachev06,
  author    = {Taichenachev, A. V. and Yudin, V. I. and Oates, C. W. and Hoyt, C. W. and Barber, Z. W. and Hollberg, L.},
  journal   = {Phys. Rev. Lett.},
  title     = {Magnetic Field-Induced Spectroscopy of Forbidden Optical Transitions with Application to Lattice-Based Optical Atomic Clocks},
  year      = {2006},
  month     = {Mar},
  pages     = {083001},
  volume    = {96},
  doi       = {10.1103/PhysRevLett.96.083001},
  issue     = {8},
  numpages  = {4},
  publisher = {American Physical Society},
  url       = {https://link.aps.org/doi/10.1103/PhysRevLett.96.083001},
}

@article{traverso09,
  author    = {Traverso, A. and Chakraborty, R. and Martinez de Escobar, Y. N. and Mickelson, P. G. and Nagel, S. B. and Yan, M. and Killian, T. C.},
  journal   = {Phys. Rev. A},
  title     = {Inelastic and elastic collision rates for triplet states of ultracold strontium},
  year      = {2009},
  month     = {Jun},
  pages     = {060702},
  volume    = {79},
  doi       = {10.1103/PhysRevA.79.060702},
  issue     = {6},
  numpages  = {4},
  publisher = {American Physical Society},
  url       = {https://link.aps.org/doi/10.1103/PhysRevA.79.060702},
}

@article{lisdat09,
  author    = {Lisdat, Ch. and Winfred, J. S. R. Vellore and Middelmann, T. and Riehle, F. and Sterr, U.},
  journal   = {Phys. Rev. Lett.},
  title     = {Collisional Losses, Decoherence, and Frequency Shifts in Optical Lattice Clocks with Bosons},
  year      = {2009},
  month     = {Aug},
  pages     = {090801},
  volume    = {103},
  doi       = {10.1103/PhysRevLett.103.090801},
  issue     = {9},
  numpages  = {4},
  publisher = {American Physical Society},
  url       = {https://link.aps.org/doi/10.1103/PhysRevLett.103.090801},
}

@article{bishof11,
  author    = {Bishof, M. and Martin, M. J. and Swallows, M. D. and Benko, C. and Lin, Y. and Qu\'em\'ener, G. and Rey, A. M. and Ye, J.},
  journal   = {Phys. Rev. A},
  title     = {Inelastic collisions and density-dependent excitation suppression in a ${}^{87}$Sr optical lattice clock},
  year      = {2011},
  month     = {Nov},
  pages     = {052716},
  volume    = {84},
  doi       = {10.1103/PhysRevA.84.052716},
  issue     = {5},
  numpages  = {6},
  publisher = {American Physical Society},
  url       = {https://link.aps.org/doi/10.1103/PhysRevA.84.052716},
}

@article{cooper18,
  title = {Alkaline-Earth Atoms in Optical Tweezers},
  author = {Cooper, Alexandre and Covey, Jacob P. and Madjarov, Ivaylo S. and Porsev, Sergey G. and Safronova, Marianna S. and Endres, Manuel},
  journal = {Phys. Rev. X},
  volume = {8},
  issue = {4},
  pages = {041055},
  numpages = {19},
  year = {2018},
  month = {Dec},
  publisher = {American Physical Society},
  doi = {10.1103/PhysRevX.8.041055},
  url = {https://link.aps.org/doi/10.1103/PhysRevX.8.041055}
}
